% Encoding: UTF-8
% Einleitung

@misc{GrafanaLabs:Thresholds,
	author = {szymonzy1},
	title = {Config from query result - multiple thresholds},
	howpublished = {Grafana Labs},
	year = {2022}
	note = {Online; accessed 02.02.2023},
	url = {https://community.grafana.com/t/config-from-query-result-multiple-thresholds/74798}
}
\\
@misc{GrafanaLabs:Variables,
	author = {Grafana},
	title = {Variable syntax},
	howpublished = {Grafana Labs},
	year = {2022}
	note = {Online; accessed 02.02.2023},
	url = {https://grafana.com/docs/grafana/latest/dashboards/variables/variable-syntax/}
}
